@ARTICLE{Cleeremans_2007,
author = "Cleeremans Alex, Timmermans Bert, Pasquali Antoine",
title = "Consciousness and metarepresentation : A computational sketch",
journal = "doi:10.1016/j.neunet.2007.09.011",
year = 2007
}

@ARTICLE{Pasquali_2010,
author = "Pasquali Antoine, Timmermans Bert, Cleeremans Alex",
title = "Know thyself: Metacognitive networks and measures of consciousness",
year = 2010
}

@MISC{Handwritten_256,
title = "Semeion Handwritten Digit Data Set",
year = 1994,
author = "Semeion Research Center, of Sciences of Communication",
address = "Sersale 117, 00128 Rome, Italy",
note ="1593 handwritten digits from around 80 persons"
}

@Booklet{Touzet_1992,
title = "Les réseaux de neurones artificiels - Introduction au connexionnisme",
year = 1992,
author = "Claude Touzet"
}


