@ARTICLE{Cleeremans_2007,
author = "Cleeremans Alex, Timmermans Bert, Pasquali Antoine",
title = "Consciousness and metarepresentationÂ : A computational sketch",
journal = "doi:10.1016/j.neunet.2007.09.011",
year = 2007
}

@ARTICLE{Pasquali_2010,
author = "Pasquali Antoine, Timmermans Bert, Cleeremans Alex",
title = "Know thyself: Metacognitive networks and measures of consciousness",
year = 2010
}